@techreport{Meyer2000,  
  AUTHOR= {Christopher Uggen, Ryan Larson, and Sarah Shannon},  
  TITLE= {6 Million Lost Voters: State-Level Estimates of Felony Disenfranchisement, 2016},  
  INSTITUTION = {The Sentencing Project}
  YEAR = {2016} 
}